<?xml version="1.0" encoding="UTF-8"?><collection xmlns="http://www.loc.gov/MARC21/slim"><record><leader>00546nam--2200169-i-4500</leader><controlfield tag="001">000002183</controlfield><controlfield tag="002">20161230</controlfield><controlfield tag="005">20161230201024</controlfield><controlfield tag="008">060222s1000------------r-----000-0-eng-d</controlfield><datafield ind1=" " ind2=" " tag="040"><subfield code="a">IFIN-HH</subfield></datafield><datafield ind1=" " ind2=" " tag="080"><subfield code="a">530.16(061.3)</subfield></datafield><datafield ind1=" " ind2=" " tag="110"><subfield code="a">Vilnius University</subfield></datafield><datafield ind1="1" ind2="0" tag="245"><subfield code="a">Fifth international vilnius conference on probability theory and mathematical statistics vilnius, june 26-july 1 1989</subfield><subfield code="b">Abstracts of communications t. iii: (a-l)</subfield></datafield><datafield ind1=" " ind2=" " tag="260"><subfield code="a">Vilnius, University, 1989</subfield></datafield><datafield ind1=" " ind2=" " tag="300"><subfield code="a">382 P</subfield></datafield><datafield ind1=" " ind2=" " tag="852"><subfield code="a">79018</subfield><subfield code="c">519.2</subfield></datafield><datafield ind1=" " ind2=" " tag="CAT"><subfield code="a">Sys</subfield><subfield code="c">20100618</subfield><subfield code="h">124459</subfield></datafield></record></collection>